<record xmlns="http://www.loc.gov/MARC21/slim" xmlns:xsi="http://www.w3.org/2001/XMLSchema-instance" xsi:schemaLocation="http://www.loc.gov/MARC21/slim http://www.loc.gov/standards/marcxml/schema/MARC21slim.xsd"><leader>     nam a22        4500</leader><controlfield tag="001">1935111</controlfield><controlfield tag="003">NIC</controlfield><controlfield tag="006">m        d        </controlfield><controlfield tag="007">cr cn |||m|||a</controlfield><controlfield tag="008">150323s1947    ua      ob    000 0 ara d</controlfield><datafield ind1=" " ind2=" " tag="040"><subfield code="a">NNU</subfield><subfield code="b">eng</subfield><subfield code="e">rda</subfield><subfield code="c">NNU</subfield></datafield><datafield ind1="1" ind2=" " tag="100"><subfield code="6">880-01</subfield><subfield code="a">Abu&#772; Zahrah, Muh&#803;ammad. </subfield></datafield><datafield ind1="1" ind2="0" tag="245"><subfield code="6">880-02</subfield><subfield code="a">Abu&#772; H&#803;ani&#772;fah :</subfield><subfield code="b">h&#803;aya&#772;tuh wa-&#699;as&#803;ruh, a&#772;ra&#772;&#700;uh wa-fiqhuh /</subfield><subfield code="c">Muh&#803;ammad Abu&#772; Zahrah.</subfield></datafield><datafield ind1=" " ind2=" " tag="250"><subfield code="6">880-03</subfield><subfield code="a">[al-T&#803;ab&#699;ah 2].</subfield></datafield><datafield ind1=" " ind2=" " tag="260"><subfield code="6">880-04</subfield><subfield code="a">[Cairo] :</subfield><subfield code="b">Da&#772;r al-Fikr al-&#699;Arabi&#772;,</subfield><subfield code="c">[1947]</subfield></datafield><datafield ind1=" " ind2=" " tag="300"><subfield code="a">online resource (479 pages)</subfield></datafield><datafield ind1=" " ind2=" " tag="336"><subfield code="a">text</subfield><subfield code="2">rdacontent</subfield></datafield><datafield ind1=" " ind2=" " tag="337"><subfield code="a">computer</subfield><subfield code="2">rdamedia</subfield></datafield><datafield ind1=" " ind2=" " tag="338"><subfield code="a">online resource</subfield><subfield code="2">rdacarrier</subfield></datafield><datafield ind1=" " ind2=" " tag="500"><subfield code="a">Part of the Arabic Collections Online (ACO) project, contributed by Cornell University Libraries.</subfield></datafield><datafield ind1=" " ind2=" " tag="504"><subfield code="a">Includes bibliographical references.</subfield></datafield><datafield ind1=" " ind2=" " tag="533"><subfield code="a">Electronic reproduction.</subfield><subfield code="b">New York, N.Y. :</subfield><subfield code="c">New York University,</subfield><subfield code="d">2015.</subfield><subfield code="5">NNU</subfield></datafield><datafield ind1="0" ind2="0" tag="600"><subfield code="6">880-05</subfield><subfield code="a">Abu&#772; H&#803;ani&#772;fah,</subfield><subfield code="d">-767 or 768.</subfield></datafield><datafield ind1=" " ind2="0" tag="650"><subfield code="a">Hanafites.</subfield></datafield><datafield ind1="0" ind2="7" tag="600"><subfield code="a">Abu&#772; H&#803;ani&#772;fah,</subfield><subfield code="d">-767 or 768.</subfield><subfield code="2">fast</subfield><subfield code="0">(OCoLC)fst01803236</subfield></datafield><datafield ind1=" " ind2="7" tag="650"><subfield code="a">Hanafites.</subfield><subfield code="2">fast</subfield><subfield code="0">(OCoLC)fst00950818</subfield></datafield><datafield ind1="2" ind2=" " tag="710"><subfield code="a">Cornell University.</subfield><subfield code="b">Libraries.</subfield></datafield><datafield ind1="0" ind2=" " tag="730"><subfield code="a">Arabic Collections Online.</subfield></datafield><datafield ind1="0" ind2="8" tag="776"><subfield code="i">Print version:</subfield><subfield code="a">Abu&#772; Zahrah, Muh&#803;ammad.</subfield><subfield code="t">Abu&#772; H&#803;ani&#772;fah</subfield><subfield code="w">(NIC)1935111</subfield><subfield code="w">(OCoLC)64026507</subfield></datafield><datafield ind1="4" ind2="0" tag="856"><subfield code="u">http://hdl.handle.net/2333.1/g1jwsx1k</subfield></datafield><datafield ind1="1" ind2=" " tag="880"><subfield code="6">100-01/r</subfield><subfield code="a">&#1575;&#1576;&#1608; &#1586;&#1607;&#1585;&#1577;&#1548; &#1605;&#1581;&#1605;&#1583;.</subfield></datafield><datafield ind1="1" ind2="0" tag="880"><subfield code="6">245-02/r</subfield><subfield code="a">&#1575;&#1576;&#1608; &#1581;&#1606;&#1610;&#1601;&#1577; :</subfield><subfield code="b">&#1581;&#1610;&#1575;&#1578;&#1607; &#1608;&#1593;&#1589;&#1585;&#1607;&#1548; &#1570;&#1585;&#1575;&#1572;&#1607; &#1608;&#1601;&#1602;&#1607;&#1607; /</subfield><subfield code="c">&#1605;&#1581;&#1605;&#1583; &#1575;&#1576;&#1608; &#1586;&#1607;&#1585;&#1577;.</subfield></datafield><datafield ind1=" " ind2=" " tag="880"><subfield code="6">250-03/r</subfield><subfield code="a">[&#1575;&#1604;&#1591;&#1576;&#1593;&#1577; 2].</subfield></datafield><datafield ind1=" " ind2=" " tag="880"><subfield code="6">260-04/r</subfield><subfield code="a">[&#1575;&#1604;&#1602;&#1575;&#1607;&#1585;&#1577;] :</subfield><subfield code="b">&#1583;&#1575;&#1585; &#1575;&#1604;&#1601;&#1603;&#1585; &#1575;&#1604;&#1593;&#1585;&#1576;&#1610;&#1548;</subfield><subfield code="c">[1947]</subfield></datafield><datafield ind1="0" ind2="0" tag="880"><subfield code="6">600-05/r</subfield><subfield code="a">&#1575;&#1576;&#1608; &#1581;&#1606;&#1610;&#1601;&#1577;&#1548; </subfield><subfield code="d">-767 or 768.</subfield></datafield><datafield ind1=" " ind2=" " tag="959"><subfield code="a">NNU</subfield><subfield code="b">WEB</subfield><subfield code="c">GENI</subfield><subfield code="t">0</subfield><subfield code="m">Electronic access</subfield><subfield code="s">01</subfield></datafield><datafield ind1=" " ind2=" " tag="999"><subfield code="i">NIC_1935111</subfield><subfield code="o">(OCoLC)ocm64026507</subfield><subfield code="s">cornell_aco000333</subfield><subfield code="e">(ERROR-880)</subfield><subfield code="s">cornell_aco000333</subfield></datafield></record>